<?xml version="1.0" encoding="UTF-8"?><collection xmlns="http://www.loc.gov/MARC21/slim"><record><leader>00474nam--2200145-i-4500</leader><controlfield tag="001">000043434</controlfield><controlfield tag="002">20161230</controlfield><controlfield tag="005">20161230201044</controlfield><controlfield tag="008">060222s1000------------r-----000-0-eng-d</controlfield><datafield ind1=" " ind2=" " tag="080"><subfield code="a">771.531(043)</subfield></datafield><datafield ind1=" " ind2=" " tag="100"><subfield code="a">Von Szentpaly,Laszo</subfield></datafield><datafield ind1=" " ind2=" " tag="245"><subfield code="a">Der mechanismul der spektralen sensibilisierung des photographischen prozesses im silberomid</subfield></datafield><datafield ind1=" " ind2=" " tag="260"><subfield code="a">Basel Un Marburg, Univ.Basellll, 1969. /4618-4626?</subfield></datafield><datafield ind1=" " ind2=" " tag="490"><subfield code="a">Separatabdruck Aus The Journal Of Chemical Ph</subfield></datafield><datafield ind1=" " ind2=" " tag="852"><subfield code="a">40459</subfield></datafield></record></collection>